%% This BibTeX bibliography file was created using BibDesk.
%% https://bibdesk.sourceforge.io/

%% Created for Matteo Venturelli at 2023-11-08 16:32:17 +0100 


%% Saved with string encoding Unicode (UTF-8) 



@techreport{noaa-co2,
	author = {Tans, Pieter and Keeling, Ralph},
	date-added = {2023-11-08 16:21:42 +0100},
	date-modified = {2023-11-08 16:24:02 +0100},
	title = {Trends in Atmoshperic Carbon Dioxide},
	institution = {NOAA/GML},
	url = {https://www.gml.noaa.gov/ccgg/trends/},
	year = {2023}}

@techreport{iea-transport,
	author = {IEA},
	date-added = {2023-11-08 16:12:04 +0100},
	date-modified = {2023-11-08 16:14:20 +0100},
	title = {Greenhouse Gas Emissions from Energy Data Explorer},
	url = {https://www.iea.org/data-and-statistics/data-tools/greenhouse-gas-emissions-from-energy-data-explorer},
	year = {2023}}

@article{solomon2009irreversible,
	author = {Solomon, Susan and Plattner, Gian-Kasper and Knutti, Reto and Friedlingstein, Pierre},
	date-added = {2023-11-08 15:22:26 +0100},
	date-modified = {2023-11-08 15:22:26 +0100},
	journal = {Proceedings of the national academy of sciences},
	number = {6},
	pages = {1704--1709},
	publisher = {National Acad Sciences},
	title = {Irreversible climate change due to carbon dioxide emissions},
	volume = {106},
	year = {2009}}
